<?xml version="1.0" encoding="UTF-8"?><collection><record><leader>08602ntm a2200685 a 4500</leader><controlfield tag="001">006804921</controlfield><controlfield tag="003">MiAaHDL</controlfield><controlfield tag="005">20190719000000.0</controlfield><controlfield tag="006">m        d        </controlfield><controlfield tag="007">cr bn ---auaua</controlfield><controlfield tag="008">090529s1667    xx            00| ||ara d</controlfield><datafield tag="035" ind1=" " ind2=" "><subfield code="a">(MiU)006804921</subfield></datafield><datafield tag="035" ind1=" " ind2=" "><subfield code="a">sdr-miu006804921</subfield></datafield><datafield tag="040" ind1=" " ind2=" "><subfield code="a">MiU</subfield><subfield code="c">MiU</subfield><subfield code="e">amremm</subfield></datafield><datafield tag="043" ind1=" " ind2=" "><subfield code="a">n-us-mi</subfield></datafield><datafield tag="100" ind1="1" ind2=" "><subfield code="6">880-01</subfield><subfield code="a">Ḥanafī, Aḥmad ibn Muḥammad ibn Abī Bakr,</subfield><subfield code="d">d. 1128.</subfield></datafield><datafield tag="245" ind1="1" ind2="0"><subfield code="6">880-03</subfield><subfield code="a">Khizānat al-fatāwá wa-maʻahu Lisān al-ḥukkām li-Ibn al-Shiḥnah,</subfield><subfield code="f">[1078, i.e. 1667].</subfield></datafield><datafield tag="246" ind1="3" ind2=" "><subfield code="6">880-04</subfield><subfield code="i">Edge title (tail):</subfield><subfield code="a">Khizānat al-fatāwá</subfield></datafield><datafield tag="260" ind1=" " ind2=" "><subfield code="c">[1667].</subfield></datafield><datafield tag="300" ind1=" " ind2=" "><subfield code="a">125, 97 leaves :</subfield><subfield code="b">paper ;</subfield><subfield code="c">225 x 140 (165 x 74) mm.</subfield></datafield><datafield tag="500" ind1=" " ind2=" "><subfield code="a">Shelfmark: Ann Arbor, University of Michigan, Special Collections Library, Isl. Ms. 551</subfield></datafield><datafield tag="500" ind1=" " ind2=" "><subfield code="a">Origin: As appears in colophon (fol.221a-b), copying finished ("katabahu...qad waqaʻa al-ikhtitām") by Ibn Muṣṭafá al-Shaykh Muḥammad al-Zaghrawī al-ʻAtīqī, known as nāʼib Ḥalabī on Friday the ninth tenth of the first third of the fifth sixth of the first half of the eighth tenth of the eighth tenth after one thousand of the Hijrah = Friday, the ninth of Jumādá I 1078 / ca. 27 October 1667.</subfield></datafield><datafield tag="500" ind1=" " ind2=" "><subfield code="a">Accompanying materials: a. Inventory cataloguing slip in hand of Winifred Smeaton Thomas. -- b. Acquisitions slip from Yahuda</subfield></datafield><datafield tag="500" ind1=" " ind2=" "><subfield code="a">Former shelfmark: From front inner cover "IL 109a" (likely supplied by Yahuda) ; from second front flyleaf "B. I. 373 II. 97".</subfield></datafield><datafield tag="500" ind1=" " ind2=" "><subfield code="a">Binding: Pasteboards covered dark purple straight-grained leather ; Type II binding (with flap), two-piece binding (seam of overlapping flanges visible at spine) ; pastedowns and flyleaves in emerald green coated wove paper ; upper and lower covers carry faded, gold-painted floral spray filling central rectangular panel, as well as tooled and gold-painted borders ; sewn in dark blue thread, two stations ; worked chevron endbands in white and magenta over yellow primaries ; overall in fairly good condition with minor abrasion, etc.</subfield></datafield><datafield tag="500" ind1=" " ind2=" "><subfield code="a">Support: European paper of several different types ; one type with roughly 7 laid lines per cm. (horizontal), chain lines spaced 26-28 mm. apart (vertical), watermark of crown-star-crescent (70 mm. long, parallel to chains, compare Mošin and Grozdanovic-Pajié type V. A., see p.20, 72, 438, etc.), and countermark "V d" under trefoil (see p.82, etc.) ; another, slightly thinner type with 11 laid lines per cm. (horizontal), chain lines spaced 28 mm. apart (vertical), watermark of three hats (tre cappelli, see p.18, etc.) and countermark of "P A" under trefoil (see p.14, 36, 64, etc.) ; a few other countermarks visible as well ; all well-burnished.</subfield></datafield><datafield tag="500" ind1=" " ind2=" "><subfield code="a">Decoration: Section headings, notabilia (side-heads, such as "مطلب"), and overlining rubricated ; textual dividers in the form of three dots.</subfield></datafield><datafield tag="500" ind1=" " ind2=" "><subfield code="a">Script: Naskh-nastaʻlīq (talik) ; small, compact hand in a medium line (same hand supplying both works) ; serifless with slight effect of words descending to baseline, pointing in strokes rather than distinct dots, some elongation of horizontal strokes, letteforms characteristic of nastaʻlīq, point of final or free-standing nūn often either conjoined with bowl or set down within.</subfield></datafield><datafield tag="500" ind1=" " ind2=" "><subfield code="a">Layout: Written in 31 lines per page.</subfield></datafield><datafield tag="500" ind1=" " ind2=" "><subfield code="a">Collation: ii, I (2), 12 V (122), III (128), V (138), IV+1 (147), 7 V (217), II+1 (222), ii ; chiefly quinions ; catchwords present ; each work foliated in red Hindu-Arabic numerals (upper left corner of recto for each folio beginning from the folio following the incipit page) ; pagination added later in pencil.</subfield></datafield><datafield tag="500" ind1=" " ind2=" "><subfield code="a">Colophon: "Scribal," triangular, "حمدا لك اللهم على ما منحت لي من التكميل والاختتام وصلوة على من حث عبادك على التعلم والتعليم والاعلام حيث قال العلماء ورثة الانبياء العظام خصوصا في احاديث الاخر بقوله عليه السلام ... كتبه الفقير الى رحمة ربه القدير ابن مصطفى الشيخ محمد الزغروي العتيقي الشهير بنائب حلبي في البلدان وبابن ميرالآي في الاوطان اللهم اغفر لي ولوالدي ولمن علمنا ولمن علمهم ولمن قال به امين لمن دعا لمصنفه ولكاتبه واجعلهم في الدارين ... قد وقع الاختتام في يوم الجمعة وهو العشر التاسع من الثلث الاول من السدس الخامس من النصف الاول من العشر الثامن من العشر الثامن بعد الالف من هجرة من له العز والشرف"</subfield></datafield><datafield tag="500" ind1=" " ind2=" "><subfield code="a">Explicit: "ولو طلب كافر من مسلم ان يعلمه القران والفقه فلا بائس به رجاء على ان يطلع على محاسنه فيسلم كذا ذكر في التحفة والله تعالى الموفق الى السبيل الراشد واليه المرجع والمأب"</subfield></datafield><datafield tag="500" ind1=" " ind2=" "><subfield code="a">Incipit: "الحمد لله حمدا بعدد ما اظهر من معدن الازن بو اقبت [?] ودررا...و بعد فان العبد الضعيف احمد بن محمد بن ابي بكر خصته الله ترفاته واسلافه برحمته يقول لما فرغت من تسويد مجمع الفتاوى الذي جمعت في كتب العلماء العظام والمشايخ الكرام الولها فتاوى الكبرى والصغرى للصدر الشهيد..."</subfield></datafield><datafield tag="500" ind1=" " ind2=" "><subfield code="a">Title from fol. 1a.</subfield></datafield><datafield tag="500" ind1=" " ind2=" "><subfield code="a">Ms. codex.</subfield></datafield><datafield tag="505" ind1="0" ind2=" "><subfield code="a">3. fol.126b-fol.222b : Lisān al-ḥukkam fī maʻrifat al-aḥkām / Ibrāhīm ibn Muḥammad Ibn al-Shiḥnah ; Burhān al-Dīn Ibrāhīm al-Khāliʻī al-ʻAdawī.</subfield></datafield><datafield tag="505" ind1="0" ind2=" "><subfield code="a">2. fol.125b-fol.126a : [glosses and excerpts].</subfield></datafield><datafield tag="505" ind1="0" ind2=" "><subfield code="a">1. fol.1a-fol.125b : Khizānat al-fatāwā / Aḥmad ibn Muḥammad ibn Abī Bakr al-Ḥanafī.</subfield></datafield><datafield tag="510" ind1="4" ind2=" "><subfield code="a">Mošin, Vladimir and M. Grozdanovic-Pajié. “Das Wasserzeichen ‘Krone mit Stern und Halbmond.’” Papiergeschichte 13 (1963):</subfield><subfield code="c">44-52.</subfield></datafield><datafield tag="510" ind1="4" ind2=" "><subfield code="a">Hajji Khalifah. Kashf al-ẓunūn,</subfield><subfield code="c">iii, 135 no. 4697 ; v, 310 no.11093</subfield></datafield><datafield tag="510" ind1="4" ind2=" "><subfield code="a">Brockelmann, C. GAL,</subfield><subfield code="c">I, 373 ; II,97</subfield></datafield><datafield tag="520" ind1="8" ind2=" "><subfield code="a">[1] Khizānat al-fatāwā, a compendium of legal decisions; followed by [2] Lisān al-ḥukkām fī maʻrifat al-aḥkām of Ibrāhīm ibn Muḥammad Abū al-Walīd Ibn al-Shiḥnah al-Ḥalabī (d. 882/1477), a legal treatise in 30 chapters of which only 21 are included in this copy, and which were begun by Ibn al-Shiḥnah and completed by Burhān al-Dīn Ibrāhīm al-Khāliʻī [or al-Khālifī] al-ʻAdawī in 1027/1618. Each work is preceded by a table of contents. Extensive marginal commentary and reading notes.</subfield></datafield><datafield tag="538" ind1=" " ind2=" "><subfield code="a">Mode of access: Internet.</subfield></datafield><datafield tag="541" ind1=" " ind2=" "><subfield code="a">Acquired in 1926 from the bookseller Isaac Benjamin S.E. Yahuda via purchase transacted on his behalf by Abraham Shalom Yahuda (1877-1951), his younger brother.</subfield></datafield><datafield tag="546" ind1=" " ind2=" "><subfield code="a">Arabic.</subfield></datafield><datafield tag="561" ind1=" " ind2=" "><subfield code="a">Many faded ownership statements and reading notes on fol. 1a including oval seal impression "احمد ...؟" ; marks of collation reading "بلغ" in red (now appearing mainly in first few folios, elsewhere possibly lost to trimming) ; extensive marginal notes on fol. 126a and fol.221a-222b, some with attribution.</subfield></datafield><datafield tag="650" ind1=" " ind2="0"><subfield code="a">Manuscripts, Arabic</subfield><subfield code="z">Michigan</subfield><subfield code="z">Ann Arbor.</subfield></datafield><datafield tag="650" ind1=" " ind2="0"><subfield code="a">Hanafites</subfield><subfield code="v">Early works to 1800.</subfield></datafield><datafield tag="650" ind1=" " ind2="0"><subfield code="a">Islamic law</subfield><subfield code="x">Interpretation and construction</subfield><subfield code="v">Early works to 1800.</subfield></datafield><datafield tag="700" ind1="0" ind2=" "><subfield code="6">880-07</subfield><subfield code="a">Ibn Muṣṭafá Muḥammad al-Zaghrawī al-ʻAtīqī,</subfield><subfield code="d">flourished 1667,</subfield><subfield code="e">scribe.</subfield></datafield><datafield tag="700" ind1="0" ind2="2"><subfield code="6">880-06</subfield><subfield code="a">Burhān al-Dīn Ibrāhīm al-Khāliʻī al-ʻAdawī,</subfield><subfield code="d">active 1618.</subfield></datafield><datafield tag="700" ind1="1" ind2="2"><subfield code="6">880-05</subfield><subfield code="a">Ibn al-Shiḥnah, Ibrāhīm ibn Muḥammad,</subfield><subfield code="d">-1477 or 1478.</subfield><subfield code="t">Lisān al-ḥukkām.</subfield></datafield><datafield tag="740" ind1="0" ind2="2"><subfield code="6">880-09</subfield><subfield code="a">Lisān al-ḥukkām</subfield></datafield><datafield tag="740" ind1="0" ind2="2"><subfield code="6">880-08</subfield><subfield code="a">Kitāb al-Khizānah</subfield></datafield><datafield tag="773" ind1="0" ind2=" "><subfield code="a">Yahuda Collection.</subfield></datafield><datafield tag="880" ind1="0" ind2="2"><subfield code="6">740-09/</subfield><subfield code="a">لسان الحكام</subfield></datafield><datafield tag="880" ind1="0" ind2="2"><subfield code="6">740-08/</subfield><subfield code="a">كتاب الخزانة</subfield></datafield><datafield tag="880" ind1="0" ind2=" "><subfield code="6">700-07/</subfield><subfield code="a">ابن مصطفى محمد الزغروي العتيقي,</subfield><subfield code="e">ناسخ.</subfield></datafield><datafield tag="880" ind1="0" ind2="2"><subfield code="6">700-06/</subfield><subfield code="a">برهان الدين ابراهيم الخالعي العدوي.</subfield></datafield><datafield tag="880" ind1="1" ind2="2"><subfield code="6">700-05/</subfield><subfield code="a">ابن الشحنة، حسين بن محمد.</subfield><subfield code="t">لسان الحكام.</subfield></datafield><datafield tag="880" ind1="3" ind2=" "><subfield code="6">246-04/</subfield><subfield code="a">خزانة الفتاوى</subfield></datafield><datafield tag="880" ind1="1" ind2="0"><subfield code="6">245-03/</subfield><subfield code="a">خزانة الفتاوى ومعه لسان الحكام لابن الشحنة,</subfield><subfield code="f">[1078ه, 1667م].</subfield></datafield><datafield tag="880" ind1="1" ind2=" "><subfield code="6">100-01/</subfield><subfield code="a">حنفي, احمد بن محمد بن ابي بكر.</subfield></datafield><datafield tag="CID" ind1=" " ind2=" "><subfield code="a">006804921</subfield></datafield><datafield tag="DAT" ind1="0" ind2=" "><subfield code="a">20190719102636.0</subfield><subfield code="b">20190719000000.0</subfield></datafield><datafield tag="DAT" ind1="1" ind2=" "><subfield code="a">20190719090653.0</subfield><subfield code="b">2019-07-19T16:11:37Z</subfield></datafield><datafield tag="DAT" ind1="2" ind2=" "><subfield code="a">2015-10-02T18:00:03Z</subfield></datafield><datafield tag="CAT" ind1=" " ind2=" "><subfield code="a">SDR-MIU</subfield><subfield code="d">EX LIBRIS - ALEPH</subfield><subfield code="l">prepare.pl-004-008</subfield></datafield><datafield tag="FMT" ind1=" " ind2=" "><subfield code="a">BK</subfield></datafield><datafield tag="HOL" ind1=" " ind2=" "><subfield code="0">sdr-miu006804921</subfield><subfield code="a">MiU</subfield><subfield code="b">SDR</subfield><subfield code="c">MIU</subfield><subfield code="p">mdp.39015079126960</subfield><subfield code="s">MIU</subfield><subfield code="1">006804921</subfield></datafield><datafield tag="974" ind1=" " ind2=" "><subfield code="b">MIU</subfield><subfield code="c">MIU</subfield><subfield code="d">20190719</subfield><subfield code="s">lit-dlps-dc</subfield><subfield code="u">mdp.39015079126960</subfield><subfield code="y">1667</subfield><subfield code="r">pd</subfield><subfield code="q">bib</subfield><subfield code="t">non-US bib date1 &lt; 1879</subfield></datafield></record></collection>